@book{morettin2003,
  author = {Pedro Alberto Morettin and Samuel Hazzan and Wilton de Oliveira Bussab},
  title = {Cálculo: funções de uma e várias variáveis},
  year = {2003},
  publisher = {Saraiva}
}

@unpublished{ventura,
  author = {Marcelo Ventura},
  title = {.}
}

@unpublished{lucchesi,
  author = {Andrea Lucchesi},
  title = {.}
}

@misc{somatematica,
  author = {{Só Matemática}},
  howpublished = {\url{http://www.somatematica.com.br/}}
}

@misc{ufmg,
  author = {{Universidade Federal de Minas Gerais}},
  howpublished = {\url{http://www.mat.ufmg.br/}}
}
